@inproceedings{xu:ipac2024-mopc72,
    author = {D. Xu et al.},
    title = {Advancing electron injection dynamics and mitigation approaches in the Electron-Ion Collider’s swap-out injection scheme},
    booktitle = {Proc. IPAC'24},
    pages = {230-233},
    paper = {MOPC72},
    venue = {Nashville, TN},
    series = {IPAC'24 - 15th International Particle Accelerator Conference},
    number = {15},
    publisher = {JACoW Publishing, Geneva, Switzerland},
    month = {05},
    year = {2024},
    issn = {2673-5490},
    isbn = {978-3-95450-247-9},
    doi = {10.18429/JACoW-IPAC2024-MOPC72},
    url = {https://indico.jacow.org/event/63/contributions/3341},
    language = {English}
}

@misc{EICMACReview202409:Sergei,
    author={S. Nagaitsev},
    title={Project Overview --- Phasing Approach},
    howpublished = "",
    month        = "Sept. 16 - 18",
    year         = "2024",
    note         = "EIC Machine Advisory Committee Meeting",
    annote       = ""
}

@techreport{willeke2021electron,
  title={Electron ion collider conceptual design report 2021},
  author={Willeke, Ferdinand and Beebe-Wang, J},
  year={2021},
  institution={Brookhaven National Lab.(BNL), Upton, NY (United States); Thomas Jefferson~…}
}

@misc{xu:beamDynamicsWorkshop,
  author={Derong Xu},
  title={\href{https://brookhavenlab.sharepoint.com/sites/eRHIC/beamphysicsworkshop/SiteAssets/Forms/AllItems.aspx?id=%2Fsites%2FeRHIC%2Fbeamphysicsworkshop%2FSiteAssets%2FPDF%20Presentations%2FNov%2029%20Xu%5FConvergence%20of%20beam%20beam%20simulations%2Epdf&parent=%2Fsites%2FeRHIC%2Fbeamphysicsworkshop%2FSiteAssets%2FPDF%20Presentations}{Convergence of strong-strong
beam-beam simulations for EIC}},
  howpublished = "",
  month        = "Nov. 29",
  year         = "2022",
  note         = "EIC beam physics workshop",
  annote       = ""
}